%YAML 1.1
%TAG !u! tag:unity3d.com,2011:
--- !u!114 &1339839764740370259
MonoBehaviour:
  m_ObjectHideFlags: 0
  m_CorrespondingSourceObject: {fileID: 0}
  m_PrefabInstance: {fileID: 0}
  m_PrefabAsset: {fileID: 0}
  m_GameObject: {fileID: 667318946392430399}
  m_Enabled: 1
  m_EditorHideFlags: 0
  m_Script: {fileID: 11500000, guid: fc917b0d0e45c6446a6294a603ba3004, type: 3}
  m_Name: 
  m_EditorClassIdentifier: 
  playerSpeed: 2
  jumpHeight: 1
  turnSmoothTime: 0.1
  cam: {fileID: 1339839765025076388}
  followTransform: {fileID: 786391761380638462}
  rotationPower: 3
  _look: {x: 0, y: 0}
--- !u!114 &1339839764740370260
MonoBehaviour:
  m_ObjectHideFlags: 0
  m_CorrespondingSourceObject: {fileID: 0}
  m_PrefabInstance: {fileID: 0}
  m_PrefabAsset: {fileID: 0}
  m_GameObject: {fileID: 667318946392430399}
  m_Enabled: 1
  m_EditorHideFlags: 0
  m_Script: {fileID: 11500000, guid: 78ece2a6934be6747b88c17267d07cb7, type: 3}
  m_Name: 
  m_EditorClassIdentifier: 
  mainCamera: {fileID: 1339839763911529686}
  aimCamera: {fileID: 1339839763505627902}
  reticle: {fileID: 0}
--- !u!114 &1339839764740370262
MonoBehaviour:
  m_ObjectHideFlags: 0
  m_CorrespondingSourceObject: {fileID: 0}
  m_PrefabInstance: {fileID: 0}
  m_PrefabAsset: {fileID: 0}
  m_GameObject: {fileID: 667318946392430399}
  m_Enabled: 1
  m_EditorHideFlags: 0
  m_Script: {fileID: 11500000, guid: 19510ae0e94e4c64c87f109aa9808823, type: 3}
  m_Name: 
  m_EditorClassIdentifier: 
  mainCamera: {fileID: 1339839765025076385}
  cinematicCam: {fileID: 0}
--- !u!114 &4141071123373954271
MonoBehaviour:
  m_ObjectHideFlags: 0
  m_CorrespondingSourceObject: {fileID: 0}
  m_PrefabInstance: {fileID: 0}
  m_PrefabAsset: {fileID: 0}
  m_GameObject: {fileID: 667318946392430399}
  m_Enabled: 1
  m_EditorHideFlags: 0
  m_Script: {fileID: 11500000, guid: 0b95f00498905824c92d19814faa5f6c, type: 3}
  m_Name: 
  m_EditorClassIdentifier: 
--- !u!1 &1339839763458996928
GameObject:
  m_ObjectHideFlags: 0
  m_CorrespondingSourceObject: {fileID: 0}
  m_PrefabInstance: {fileID: 0}
  m_PrefabAsset: {fileID: 0}
  serializedVersion: 6
  m_Component:
  - component: {fileID: 1339839763458996929}
  - component: {fileID: 1339839763458996932}
  - component: {fileID: 1339839763458996931}
  - component: {fileID: 1339839763458996930}
  m_Layer: 0
  m_Name: cm
  m_TagString: Untagged
  m_Icon: {fileID: 0}
  m_NavMeshLayer: 0
  m_StaticEditorFlags: 0
  m_IsActive: 1
--- !u!4 &1339839763458996929
Transform:
  m_ObjectHideFlags: 0
  m_CorrespondingSourceObject: {fileID: 0}
  m_PrefabInstance: {fileID: 0}
  m_PrefabAsset: {fileID: 0}
  m_GameObject: {fileID: 1339839763458996928}
  m_LocalRotation: {x: 0.08717229, y: -0.89959055, z: 0.21045254, w: -0.3726226}
  m_LocalPosition: {x: -0, y: 0, z: 20}
  m_LocalScale: {x: 1, y: 1, z: 1}
  m_Children: []
  m_Father: {fileID: 1339839763505627872}
  m_RootOrder: 0
  m_LocalEulerAnglesHint: {x: 0, y: 0, z: 0}
--- !u!114 &1339839763458996932
MonoBehaviour:
  m_ObjectHideFlags: 0
  m_CorrespondingSourceObject: {fileID: 0}
  m_PrefabInstance: {fileID: 0}
  m_PrefabAsset: {fileID: 0}
  m_GameObject: {fileID: 1339839763458996928}
  m_Enabled: 1
  m_EditorHideFlags: 0
  m_Script: {fileID: 11500000, guid: ac0b09e7857660247b1477e93731de29, type: 3}
  m_Name: 
  m_EditorClassIdentifier: 
--- !u!114 &1339839763458996931
MonoBehaviour:
  m_ObjectHideFlags: 0
  m_CorrespondingSourceObject: {fileID: 0}
  m_PrefabInstance: {fileID: 0}
  m_PrefabAsset: {fileID: 0}
  m_GameObject: {fileID: 1339839763458996928}
  m_Enabled: 1
  m_EditorHideFlags: 0
  m_Script: {fileID: 11500000, guid: f4044717213e31446939f7bd49c896ea, type: 3}
  m_Name: 
  m_EditorClassIdentifier: 
  m_TrackedObjectOffset: {x: 0, y: 0, z: 0}
  m_LookaheadTime: 0
  m_LookaheadSmoothing: 0
  m_LookaheadIgnoreY: 0
  m_HorizontalDamping: 0.5
  m_VerticalDamping: 0.5
  m_ScreenX: 0.5
  m_ScreenY: 0.5
  m_DeadZoneWidth: 0
  m_DeadZoneHeight: 0
  m_SoftZoneWidth: 0.8
  m_SoftZoneHeight: 0.8
  m_BiasX: 0
  m_BiasY: 0
  m_CenterOnActivate: 1
--- !u!114 &1339839763458996930
MonoBehaviour:
  m_ObjectHideFlags: 0
  m_CorrespondingSourceObject: {fileID: 0}
  m_PrefabInstance: {fileID: 0}
  m_PrefabAsset: {fileID: 0}
  m_GameObject: {fileID: 1339839763458996928}
  m_Enabled: 1
  m_EditorHideFlags: 0
  m_Script: {fileID: 11500000, guid: bd6043bde05a7fc4cba197d06915c1e3, type: 3}
  m_Name: 
  m_EditorClassIdentifier: 
  Damping: {x: 0.1, y: 0.5, z: 3}
  ShoulderOffset: {x: 1, y: -0.4, z: 0}
  VerticalArmLength: 0.4
  CameraSide: 0.947
  CameraDistance: 3
  CameraCollisionFilter:
    serializedVersion: 2
    m_Bits: 0
  IgnoreTag: 
  CameraRadius: 0.2
--- !u!1 &1339839763505627902
GameObject:
  m_ObjectHideFlags: 0
  m_CorrespondingSourceObject: {fileID: 0}
  m_PrefabInstance: {fileID: 0}
  m_PrefabAsset: {fileID: 0}
  serializedVersion: 6
  m_Component:
  - component: {fileID: 1339839763505627872}
  - component: {fileID: 1339839763505627903}
  m_Layer: 0
  m_Name: AimCam
  m_TagString: MainCamera
  m_Icon: {fileID: 0}
  m_NavMeshLayer: 0
  m_StaticEditorFlags: 0
  m_IsActive: 1
--- !u!4 &1339839763505627872
Transform:
  m_ObjectHideFlags: 0
  m_CorrespondingSourceObject: {fileID: 0}
  m_PrefabInstance: {fileID: 0}
  m_PrefabAsset: {fileID: 0}
  m_GameObject: {fileID: 1339839763505627902}
  m_LocalRotation: {x: 0.0000000071951507, y: -0.25959852, z: 0.00000000193416, w: 0.96571666}
  m_LocalPosition: {x: -1104.3818, y: -48.751217, z: -416.39465}
  m_LocalScale: {x: 1, y: 1, z: 1}
  m_Children:
  - {fileID: 1339839763458996929}
  m_Father: {fileID: 1339839763545710363}
  m_RootOrder: 2
  m_LocalEulerAnglesHint: {x: 0, y: 0, z: 0}
--- !u!114 &1339839763505627903
MonoBehaviour:
  m_ObjectHideFlags: 0
  m_CorrespondingSourceObject: {fileID: 0}
  m_PrefabInstance: {fileID: 0}
  m_PrefabAsset: {fileID: 0}
  m_GameObject: {fileID: 1339839763505627902}
  m_Enabled: 1
  m_EditorHideFlags: 0
  m_Script: {fileID: 11500000, guid: 45e653bab7fb20e499bda25e1b646fea, type: 3}
  m_Name: 
  m_EditorClassIdentifier: 
  m_ExcludedPropertiesInInspector:
  - m_Script
  m_LockStageInInspector: 
  m_StreamingVersion: 20170927
  m_Priority: 10
  m_StandbyUpdate: 2
  m_LookAt: {fileID: 0}
  m_Follow: {fileID: 7522793095277226751}
  m_Lens:
    FieldOfView: 25
    OrthographicSize: 5
    NearClipPlane: 0.3
    FarClipPlane: 1000
    Dutch: 0
    LensShift: {x: 0, y: 0}
  m_Transitions:
    m_BlendHint: 0
    m_InheritPosition: 0
    m_OnCameraLive:
      m_PersistentCalls:
        m_Calls: []
  m_LegacyBlendHint: 0
  m_ComponentOwner: {fileID: 1339839763458996929}
--- !u!1 &1339839763545710362
GameObject:
  m_ObjectHideFlags: 0
  m_CorrespondingSourceObject: {fileID: 0}
  m_PrefabInstance: {fileID: 0}
  m_PrefabAsset: {fileID: 0}
  serializedVersion: 6
  m_Component:
  - component: {fileID: 1339839763545710363}
  m_Layer: 0
  m_Name: Player&Cam
  m_TagString: Untagged
  m_Icon: {fileID: 0}
  m_NavMeshLayer: 0
  m_StaticEditorFlags: 0
  m_IsActive: 1
--- !u!4 &1339839763545710363
Transform:
  m_ObjectHideFlags: 0
  m_CorrespondingSourceObject: {fileID: 0}
  m_PrefabInstance: {fileID: 0}
  m_PrefabAsset: {fileID: 0}
  m_GameObject: {fileID: 1339839763545710362}
  m_LocalRotation: {x: 0, y: 0, z: 0, w: 1}
  m_LocalPosition: {x: 0, y: 0, z: 0}
  m_LocalScale: {x: 1, y: 1, z: 1}
  m_Children:
  - {fileID: 1339839765025076388}
  - {fileID: 669046009034751961}
  - {fileID: 1339839763505627872}
  - {fileID: 1339839763911529688}
  m_Father: {fileID: 0}
  m_RootOrder: 0
  m_LocalEulerAnglesHint: {x: 0, y: 0, z: 0}
--- !u!1 &1339839765025076385
GameObject:
  m_ObjectHideFlags: 0
  m_CorrespondingSourceObject: {fileID: 0}
  m_PrefabInstance: {fileID: 0}
  m_PrefabAsset: {fileID: 0}
  serializedVersion: 6
  m_Component:
  - component: {fileID: 1339839765025076388}
  - component: {fileID: 1339839765025076387}
  - component: {fileID: 1339839765025076386}
  - component: {fileID: 1339839765025076389}
  m_Layer: 0
  m_Name: Main Camera
  m_TagString: MainCamera
  m_Icon: {fileID: 0}
  m_NavMeshLayer: 0
  m_StaticEditorFlags: 0
  m_IsActive: 1
--- !u!4 &1339839765025076388
Transform:
  m_ObjectHideFlags: 0
  m_CorrespondingSourceObject: {fileID: 0}
  m_PrefabInstance: {fileID: 0}
  m_PrefabAsset: {fileID: 0}
  m_GameObject: {fileID: 1339839765025076385}
  m_LocalRotation: {x: 0.10542843, y: -0.124451466, z: 0.013300019, w: 0.9865191}
  m_LocalPosition: {x: -1104.3818, y: -48.751217, z: -416.39465}
  m_LocalScale: {x: 1, y: 1, z: 1}
  m_Children: []
  m_Father: {fileID: 1339839763545710363}
  m_RootOrder: 0
  m_LocalEulerAnglesHint: {x: 0, y: -57.868004, z: 0}
--- !u!20 &1339839765025076387
Camera:
  m_ObjectHideFlags: 0
  m_CorrespondingSourceObject: {fileID: 0}
  m_PrefabInstance: {fileID: 0}
  m_PrefabAsset: {fileID: 0}
  m_GameObject: {fileID: 1339839765025076385}
  m_Enabled: 1
  serializedVersion: 2
  m_ClearFlags: 1
  m_BackGroundColor: {r: 0.19215687, g: 0.3019608, b: 0.4745098, a: 0}
  m_projectionMatrixMode: 1
  m_GateFitMode: 2
  m_FOVAxisMode: 0
  m_SensorSize: {x: 36, y: 24}
  m_LensShift: {x: 0, y: 0}
  m_FocalLength: 50
  m_NormalizedViewPortRect:
    serializedVersion: 2
    x: 0
    y: 0
    width: 1
    height: 1
  near clip plane: 0.3
  far clip plane: 1000
  field of view: 25
  orthographic: 0
  orthographic size: 5
  m_Depth: -1
  m_CullingMask:
    serializedVersion: 2
    m_Bits: 4294967295
  m_RenderingPath: -1
  m_TargetTexture: {fileID: 0}
  m_TargetDisplay: 0
  m_TargetEye: 3
  m_HDR: 1
  m_AllowMSAA: 1
  m_AllowDynamicResolution: 0
  m_ForceIntoRT: 0
  m_OcclusionCulling: 1
  m_StereoConvergence: 10
  m_StereoSeparation: 0.022
--- !u!81 &1339839765025076386
AudioListener:
  m_ObjectHideFlags: 0
  m_CorrespondingSourceObject: {fileID: 0}
  m_PrefabInstance: {fileID: 0}
  m_PrefabAsset: {fileID: 0}
  m_GameObject: {fileID: 1339839765025076385}
  m_Enabled: 1
--- !u!114 &1339839765025076389
MonoBehaviour:
  m_ObjectHideFlags: 0
  m_CorrespondingSourceObject: {fileID: 0}
  m_PrefabInstance: {fileID: 0}
  m_PrefabAsset: {fileID: 0}
  m_GameObject: {fileID: 1339839765025076385}
  m_Enabled: 1
  m_EditorHideFlags: 0
  m_Script: {fileID: 11500000, guid: 72ece51f2901e7445ab60da3685d6b5f, type: 3}
  m_Name: 
  m_EditorClassIdentifier: 
  m_ShowDebugText: 0
  m_ShowCameraFrustum: 1
  m_IgnoreTimeScale: 0
  m_WorldUpOverride: {fileID: 0}
  m_UpdateMethod: 2
  m_BlendUpdateMethod: 1
  m_DefaultBlend:
    m_Style: 1
    m_Time: 0.5
    m_CustomCurve:
      serializedVersion: 2
      m_Curve: []
      m_PreInfinity: 2
      m_PostInfinity: 2
      m_RotationOrder: 4
  m_CustomBlends: {fileID: 0}
  m_CameraCutEvent:
    m_PersistentCalls:
      m_Calls: []
  m_CameraActivatedEvent:
    m_PersistentCalls:
      m_Calls: []
--- !u!1 &1339839765184716407
GameObject:
  m_ObjectHideFlags: 0
  m_CorrespondingSourceObject: {fileID: 0}
  m_PrefabInstance: {fileID: 0}
  m_PrefabAsset: {fileID: 0}
  serializedVersion: 6
  m_Component:
  - component: {fileID: 1339839765184716408}
  m_Layer: 0
  m_Name: FrontTarget
  m_TagString: Untagged
  m_Icon: {fileID: 0}
  m_NavMeshLayer: 0
  m_StaticEditorFlags: 0
  m_IsActive: 1
--- !u!4 &1339839765184716408
Transform:
  m_ObjectHideFlags: 0
  m_CorrespondingSourceObject: {fileID: 0}
  m_PrefabInstance: {fileID: 0}
  m_PrefabAsset: {fileID: 0}
  m_GameObject: {fileID: 1339839765184716407}
  m_LocalRotation: {x: -0.007403373, y: -0.99192184, z: 0.10600582, w: -0.069275126}
  m_LocalPosition: {x: -0.005, y: 1.503, z: -0.001}
  m_LocalScale: {x: 0.99999934, y: 1, z: 0.99999934}
  m_Children: []
  m_Father: {fileID: 669046009034751961}
  m_RootOrder: 3
  m_LocalEulerAnglesHint: {x: 12.2, y: 532.01, z: 0}
--- !u!1001 &1339839764740370257
PrefabInstance:
  m_ObjectHideFlags: 0
  serializedVersion: 2
  m_Modification:
    m_TransformParent: {fileID: 1339839763545710363}
    m_Modifications:
    - target: {fileID: 1913494248320904276, guid: 3ea3f21905ef9d4498786da4ca9b0b55,
        type: 3}
      propertyPath: m_ApplyRootMotion
      value: 0
      objectReference: {fileID: 0}
    - target: {fileID: 2004379899953041544, guid: 3ea3f21905ef9d4498786da4ca9b0b55,
        type: 3}
      propertyPath: m_RootOrder
      value: 1
      objectReference: {fileID: 0}
    - target: {fileID: 2004379899953041544, guid: 3ea3f21905ef9d4498786da4ca9b0b55,
        type: 3}
      propertyPath: m_LocalPosition.x
      value: -1105.9551
      objectReference: {fileID: 0}
    - target: {fileID: 2004379899953041544, guid: 3ea3f21905ef9d4498786da4ca9b0b55,
        type: 3}
      propertyPath: m_LocalPosition.y
      value: -50.879154
      objectReference: {fileID: 0}
    - target: {fileID: 2004379899953041544, guid: 3ea3f21905ef9d4498786da4ca9b0b55,
        type: 3}
      propertyPath: m_LocalPosition.z
      value: -413.85815
      objectReference: {fileID: 0}
    - target: {fileID: 2004379899953041544, guid: 3ea3f21905ef9d4498786da4ca9b0b55,
        type: 3}
      propertyPath: m_LocalRotation.w
      value: -0.98955095
      objectReference: {fileID: 0}
    - target: {fileID: 2004379899953041544, guid: 3ea3f21905ef9d4498786da4ca9b0b55,
        type: 3}
      propertyPath: m_LocalRotation.x
      value: 0
      objectReference: {fileID: 0}
    - target: {fileID: 2004379899953041544, guid: 3ea3f21905ef9d4498786da4ca9b0b55,
        type: 3}
      propertyPath: m_LocalRotation.y
      value: 0.14418365
      objectReference: {fileID: 0}
    - target: {fileID: 2004379899953041544, guid: 3ea3f21905ef9d4498786da4ca9b0b55,
        type: 3}
      propertyPath: m_LocalRotation.z
      value: -0
      objectReference: {fileID: 0}
    - target: {fileID: 2004379899953041544, guid: 3ea3f21905ef9d4498786da4ca9b0b55,
        type: 3}
      propertyPath: m_LocalEulerAnglesHint.x
      value: 0
      objectReference: {fileID: 0}
    - target: {fileID: 2004379899953041544, guid: 3ea3f21905ef9d4498786da4ca9b0b55,
        type: 3}
      propertyPath: m_LocalEulerAnglesHint.y
      value: 343.42
      objectReference: {fileID: 0}
    - target: {fileID: 2004379899953041544, guid: 3ea3f21905ef9d4498786da4ca9b0b55,
        type: 3}
      propertyPath: m_LocalEulerAnglesHint.z
      value: 0
      objectReference: {fileID: 0}
    - target: {fileID: 2007156419732781166, guid: 3ea3f21905ef9d4498786da4ca9b0b55,
        type: 3}
      propertyPath: m_Name
      value: Captain
      objectReference: {fileID: 0}
    - target: {fileID: 2007306002076971578, guid: 3ea3f21905ef9d4498786da4ca9b0b55,
        type: 3}
      propertyPath: m_IsActive
      value: 1
      objectReference: {fileID: 0}
    - target: {fileID: 2008506936734074516, guid: 3ea3f21905ef9d4498786da4ca9b0b55,
        type: 3}
      propertyPath: m_Radius
      value: 0.2
      objectReference: {fileID: 0}
    - target: {fileID: 7193834089691325906, guid: 3ea3f21905ef9d4498786da4ca9b0b55,
        type: 3}
      propertyPath: m_Materials.Array.data[0]
      value: 
      objectReference: {fileID: 0}
    - target: {fileID: 7203414062483362216, guid: 3ea3f21905ef9d4498786da4ca9b0b55,
        type: 3}
      propertyPath: m_Mesh
      value: 
      objectReference: {fileID: 4300058, guid: 409520c9226982345a49c9803624f208, type: 3}
    - target: {fileID: 8862597380894639534, guid: 3ea3f21905ef9d4498786da4ca9b0b55,
        type: 3}
      propertyPath: m_LocalRotation.w
      value: -0.99415475
      objectReference: {fileID: 0}
    - target: {fileID: 8862597380894639534, guid: 3ea3f21905ef9d4498786da4ca9b0b55,
        type: 3}
      propertyPath: m_LocalRotation.x
      value: -0.106244445
      objectReference: {fileID: 0}
    - target: {fileID: 8862597380894639534, guid: 3ea3f21905ef9d4498786da4ca9b0b55,
        type: 3}
      propertyPath: m_LocalRotation.y
      value: -0.01908885
      objectReference: {fileID: 0}
    - target: {fileID: 8862597380894639534, guid: 3ea3f21905ef9d4498786da4ca9b0b55,
        type: 3}
      propertyPath: m_LocalRotation.z
      value: 0.0020400088
      objectReference: {fileID: 0}
    - target: {fileID: 8862597380894639534, guid: 3ea3f21905ef9d4498786da4ca9b0b55,
        type: 3}
      propertyPath: m_LocalEulerAnglesHint.x
      value: 12.2
      objectReference: {fileID: 0}
    - target: {fileID: 8862597380894639534, guid: 3ea3f21905ef9d4498786da4ca9b0b55,
        type: 3}
      propertyPath: m_LocalEulerAnglesHint.y
      value: 362.2
      objectReference: {fileID: 0}
    m_RemovedComponents: []
  m_SourcePrefab: {fileID: 100100000, guid: 3ea3f21905ef9d4498786da4ca9b0b55, type: 3}
--- !u!1 &667318946392430399 stripped
GameObject:
  m_CorrespondingSourceObject: {fileID: 2007156419732781166, guid: 3ea3f21905ef9d4498786da4ca9b0b55,
    type: 3}
  m_PrefabInstance: {fileID: 1339839764740370257}
  m_PrefabAsset: {fileID: 0}
--- !u!4 &669046009034751961 stripped
Transform:
  m_CorrespondingSourceObject: {fileID: 2004379899953041544, guid: 3ea3f21905ef9d4498786da4ca9b0b55,
    type: 3}
  m_PrefabInstance: {fileID: 1339839764740370257}
  m_PrefabAsset: {fileID: 0}
--- !u!1 &786391761380638462 stripped
GameObject:
  m_CorrespondingSourceObject: {fileID: 1761402273829228975, guid: 3ea3f21905ef9d4498786da4ca9b0b55,
    type: 3}
  m_PrefabInstance: {fileID: 1339839764740370257}
  m_PrefabAsset: {fileID: 0}
--- !u!4 &7522793095277226751 stripped
Transform:
  m_CorrespondingSourceObject: {fileID: 8862597380894639534, guid: 3ea3f21905ef9d4498786da4ca9b0b55,
    type: 3}
  m_PrefabInstance: {fileID: 1339839764740370257}
  m_PrefabAsset: {fileID: 0}
--- !u!1001 &2721133803592127081
PrefabInstance:
  m_ObjectHideFlags: 0
  serializedVersion: 2
  m_Modification:
    m_TransformParent: {fileID: 1339839763545710363}
    m_Modifications:
    - target: {fileID: 3988915951273330353, guid: 28e7d19f85b022845bfdd5d9518645b1,
        type: 3}
      propertyPath: m_RootOrder
      value: 3
      objectReference: {fileID: 0}
    - target: {fileID: 3988915951273330353, guid: 28e7d19f85b022845bfdd5d9518645b1,
        type: 3}
      propertyPath: m_LocalPosition.x
      value: -1105.328
      objectReference: {fileID: 0}
    - target: {fileID: 3988915951273330353, guid: 28e7d19f85b022845bfdd5d9518645b1,
        type: 3}
      propertyPath: m_LocalPosition.y
      value: -48.590954
      objectReference: {fileID: 0}
    - target: {fileID: 3988915951273330353, guid: 28e7d19f85b022845bfdd5d9518645b1,
        type: 3}
      propertyPath: m_LocalPosition.z
      value: -416.3042
      objectReference: {fileID: 0}
    - target: {fileID: 3988915951273330353, guid: 28e7d19f85b022845bfdd5d9518645b1,
        type: 3}
      propertyPath: m_LocalRotation.w
      value: 0.96571666
      objectReference: {fileID: 0}
    - target: {fileID: 3988915951273330353, guid: 28e7d19f85b022845bfdd5d9518645b1,
        type: 3}
      propertyPath: m_LocalRotation.x
      value: 0.0000000071951507
      objectReference: {fileID: 0}
    - target: {fileID: 3988915951273330353, guid: 28e7d19f85b022845bfdd5d9518645b1,
        type: 3}
      propertyPath: m_LocalRotation.y
      value: -0.25959852
      objectReference: {fileID: 0}
    - target: {fileID: 3988915951273330353, guid: 28e7d19f85b022845bfdd5d9518645b1,
        type: 3}
      propertyPath: m_LocalRotation.z
      value: 0.00000000193416
      objectReference: {fileID: 0}
    - target: {fileID: 3988915951273330353, guid: 28e7d19f85b022845bfdd5d9518645b1,
        type: 3}
      propertyPath: m_LocalEulerAnglesHint.x
      value: 0
      objectReference: {fileID: 0}
    - target: {fileID: 3988915951273330353, guid: 28e7d19f85b022845bfdd5d9518645b1,
        type: 3}
      propertyPath: m_LocalEulerAnglesHint.y
      value: 0
      objectReference: {fileID: 0}
    - target: {fileID: 3988915951273330353, guid: 28e7d19f85b022845bfdd5d9518645b1,
        type: 3}
      propertyPath: m_LocalEulerAnglesHint.z
      value: 0
      objectReference: {fileID: 0}
    - target: {fileID: 3988915951273330366, guid: 28e7d19f85b022845bfdd5d9518645b1,
        type: 3}
      propertyPath: m_Follow
      value: 
      objectReference: {fileID: 7522793095277226751}
    - target: {fileID: 3988915951273330367, guid: 28e7d19f85b022845bfdd5d9518645b1,
        type: 3}
      propertyPath: m_Name
      value: 3dPersonCam
      objectReference: {fileID: 0}
    m_RemovedComponents: []
  m_SourcePrefab: {fileID: 100100000, guid: 28e7d19f85b022845bfdd5d9518645b1, type: 3}
--- !u!1 &1339839763911529686 stripped
GameObject:
  m_CorrespondingSourceObject: {fileID: 3988915951273330367, guid: 28e7d19f85b022845bfdd5d9518645b1,
    type: 3}
  m_PrefabInstance: {fileID: 2721133803592127081}
  m_PrefabAsset: {fileID: 0}
--- !u!4 &1339839763911529688 stripped
Transform:
  m_CorrespondingSourceObject: {fileID: 3988915951273330353, guid: 28e7d19f85b022845bfdd5d9518645b1,
    type: 3}
  m_PrefabInstance: {fileID: 2721133803592127081}
  m_PrefabAsset: {fileID: 0}
